<?xml version="1.0" encoding="UTF-8"?><collection xmlns="http://www.loc.gov/MARC21/slim"><record><leader>00538nam--2200193-i-4500</leader><controlfield tag="001">000033517</controlfield><controlfield tag="002">20161230</controlfield><controlfield tag="005">20161230201039</controlfield><controlfield tag="008">060222s1000------------r-----000-0-FRE-d</controlfield><datafield ind1=" " ind2=" " tag="040"><subfield code="a">IFIN-HH</subfield></datafield><datafield ind1=" " ind2=" " tag="041"><subfield code="a">FRE</subfield></datafield><datafield ind1=" " ind2=" " tag="080"><subfield code="a">519.2:530.19</subfield></datafield><datafield ind1="1" ind2=" " tag="100"><subfield code="a">Meyer, Paul-Andre</subfield></datafield><datafield ind1="1" ind2="0" tag="245"><subfield code="a">Probabilities et potential</subfield><subfield code="c">Paul-andre meyer</subfield></datafield><datafield ind1=" " ind2=" " tag="260"><subfield code="a">Paris, Hermann, 1966</subfield></datafield><datafield ind1=" " ind2=" " tag="300"><subfield code="a">660P</subfield></datafield><datafield ind1=" " ind2=" " tag="490"><subfield code="a">Publications De L`Institut De Magnetique De L`Universite De Strasbourg</subfield><subfield code="v">Vol.Xiv</subfield></datafield><datafield ind1=" " ind2=" " tag="852"><subfield code="a">34457</subfield><subfield code="c">519.2</subfield></datafield><datafield ind1=" " ind2=" " tag="CAT"><subfield code="a">Sys</subfield><subfield code="c">20100525</subfield><subfield code="h">141154</subfield></datafield></record></collection>